% More information about each possible entry here:
% http://en.wikipedia.org/wiki/BibTeX
% http://nwalsh.com/tex/texhelp/bibtx-7.html

%----------------------------------------------------------------------------------------
%	OWN PAPERS
%----------------------------------------------------------------------------------------

@incollection{todai2014incollection,
  abstract	= {@Incollection is for individual publications inside a book that are part of a bigger collection},
  author	= {Todai, Taro},
  booktitle	= {Introduction to LaTeX Bibliography},
  doi		= {10.1007/978-3-319-04657-0_9},  
  editor	= {Komaba Taro},
  isbn		= {978-3-319-04656-3},
  language	= {English},
  pages		= {60--70},  
  publisher	= {Todai International Publishing},  
  series	= {Lecture Notes in LaTeX},
  title		= {The use of @incollection in a .bib file},
  ignore-Url	= {http://dx.doi.org/10.1007/978-3-319-04657-0_9},
  volume	= {8344},
  year		= {2014},
}

@article{todai2012article,
  Abstract 	= {@article is for articles published in a journals},
  Author 	= {Todai, Taro},
  Doi 		= {10.1016/j.endm.2009.11.011},
  Issn 		= {1571-0653},
  Journal 	= {Electronic Notes in LaTeX bibliographies},
  Keywords 	= {latex, bibliography, bib file, thesis, The University of Tokyo, todai, computer science, template},
  Pages 	= {59 - 64},
  Note 		= {TODAIs'14 â€“ VI Templates for Official Dissertations with Abstracts and Images Symposium},
  Number 	= {0},
  Title 	= {How to use @article in a dissertation bibliography},
  ignore-Url 	= {http://www.todais.com/science/article/pii/S1571065309001644},
  Volume 	= {35},
  Year 		= {2012},
}

@inproceedings{todai2013inproceedings,
  abstract	= {@inproceedings is for individual articles presented in a conference or symposium and published in their proceedings},
  ignore-acmid 	= {2488705},
  address 	= {Kobe, Hyogo, JAPAN},
  author 	= {Todai, Taro},
  booktitle 	= {Proceedings of the Forty-fifth Annual AXM Symposium on Theory of LaTeX},
  doi 		= {10.1145/2488608.2488705},
  ignore-isbn 	= {978-1-4503-2029-0},
  keywords 	= {latex, bibtex},
  location 	= {Osaka, Osaka, JAPAN},
  numpages 	= {10},
  pages 	= {765--774},
  publisher 	= {AXM},
  series 	= {LaTeX '13},
  title 	= {@inprocedings as an bibliographic element},
  ignore-url 		= {http://doi.acm.org/10.1145/2488608.2488705},
  year 		= {2013}
}

%----------------------------------------------------------------------------------------
%	OTHERS PAPERS
%----------------------------------------------------------------------------------------

@online{Komaba2011online,
  Author 	= {Komaba, Taro},
  Month 	= {December},
  Title 	= {References to webpages in LaTeX},
  ignore-url 	= {http://komaba.com/2011/online},
  Year 		= {2011},
}

@techreport{Hongo2004techreport,
  Abstract 	= {@techreport is for Technical/Scientific Reports (non-peer reviewed publications)},
  Author 	= {Hongo, Hanako},
  Title 	= {@Techreport, the very best and the very worst of institutional repositories},
  ignore-url	= {http://www.todai.jp/~hongo/techreport.pdf},
  Year 		= {2004},
}

@book{Kashiwa1988book,
 Address 	= {Kashiwa, Chiba, JAPAN},
 Author 	= {Kashiwa, Hanako},
 Isbn 		= {0-201-16423-X},
 Publisher 	= {Todai Publishing Co., Inc.},
 Title 		= {How to cite complete books},
 ignore-url	= {http://todai.ac.jp/~kashiwa/book.doc},
 Year 		= {1988}
}
